<collection xmlns="http://www.loc.gov/MARC21/slim">
<record>
  <leader>03549nam0a2200577 i 450 </leader>
  <controlfield tag="001">IT\ICCU\CNCE\033541</controlfield>
  <controlfield tag="005">20120322000000.0</controlfield>
  <datafield tag="012" ind1=" " ind2=" ">
    <subfield code="a">i-m. a-ci t.bi Coch (3) 1551 (R)</subfield>
    <subfield code="2">fei</subfield>
  </datafield>
  <datafield tag="100" ind1=" " ind2=" ">
    <subfield code="a">19971219d1551        0itac0103    ba</subfield>
  </datafield>
  <datafield tag="101" ind1=" " ind2=" ">
    <subfield code="a">LAT</subfield>
  </datafield>
  <datafield tag="102" ind1=" " ind2=" ">
    <subfield code="a">IT</subfield>
  </datafield>
  <datafield tag="200" ind1="1" ind2=" ">
    <subfield code="a">Parua naturalia in hoc volumine haec Aristotelis opuscula continentur. Cum accuratissimis ac luculentissimis expositionibus diui Thomae Aquinatis, nec non Petri de Aluernia sacri Ordinis praedicatorum, &amp; Egidii Romani Ordinis eremitarum ... Cum indice locupletissimo. Quae omnia summa cura nuper excusa sunt, diligenterque recognita &amp; emendata</subfield>
  </datafield>
  <datafield tag="210" ind1=" " ind2=" ">
    <subfield code="a">Venetiis</subfield>
    <subfield code="c">apud Octauianum Scotum Amadei f.</subfield>
    <subfield code="d">1551</subfield>
    <subfield code="e">Venetiis</subfield>
    <subfield code="g">apud Octauianum Scotum d. Amadei f.</subfield>
  </datafield>
  <datafield tag="215" ind1=" " ind2=" ">
    <subfield code="a">\4!, 103, \1! c.</subfield>
    <subfield code="d">fol</subfield>
  </datafield>
  <datafield tag="620" ind1=" " ind2=" ">
    <subfield code="a">IT</subfield>
    <subfield code="d">Venezia</subfield>
  </datafield>
  <datafield tag="700" ind1=" " ind2="0">
    <subfield code="a">Tommaso</subfield>
    <subfield code="c"> : d&apos;Aquino</subfield>
    <subfield code="c"> &lt;santo&gt;</subfield>
    <subfield code="3">IT\ICCU\CNCA\000195</subfield>
  </datafield>
  <datafield tag="702" ind1=" " ind2="0">
    <subfield code="a">Egidio</subfield>
    <subfield code="c"> : Romano</subfield>
    <subfield code="3">IT\ICCU\CNCA\004392</subfield>
  </datafield>
  <datafield tag="702" ind1=" " ind2="0">
    <subfield code="a">Pierre</subfield>
    <subfield code="c"> : d&apos;Auvergne</subfield>
    <subfield code="3">IT\ICCU\CNCA\008298</subfield>
  </datafield>
  <datafield tag="702" ind1=" " ind2="0">
    <subfield code="a">Aristoteles</subfield>
    <subfield code="3">IT\ICCU\CNCA\000006</subfield>
  </datafield>
  <datafield tag="712" ind1="0" ind2="0">
    <subfield code="a">Scoto, Ottaviano</subfield>
    <subfield code="c"> &lt;2.&gt;</subfield>
    <subfield code="3">IT\ICCU\CNCT\000258</subfield>
    <subfield code="4">650</subfield>
  </datafield>
  <datafield tag="790" ind1=" " ind2="0">
    <subfield code="a">Thomas</subfield>
    <subfield code="c"> : de#Aquino</subfield>
    <subfield code="c"> &lt;santo&gt;</subfield>
    <subfield code="3">IT\ICCU\CNCA\009350</subfield>
    <subfield code="z">Tommaso : d&apos;Aquino &lt;santo&gt;</subfield>
  </datafield>
  <datafield tag="790" ind1=" " ind2="0">
    <subfield code="a">Aegidius</subfield>
    <subfield code="c"> : Romanus</subfield>
    <subfield code="3">IT\ICCU\CNCA\007543</subfield>
    <subfield code="z">Egidio : Romano</subfield>
  </datafield>
  <datafield tag="790" ind1=" " ind2="1">
    <subfield code="a">Colonna,</subfield>
    <subfield code="b">Egidio</subfield>
    <subfield code="3">IT\ICCU\CNCA\008329</subfield>
    <subfield code="z">Egidio : Romano</subfield>
  </datafield>
  <datafield tag="790" ind1=" " ind2="1">
    <subfield code="a">Colonna,</subfield>
    <subfield code="b">Gilles</subfield>
    <subfield code="3">IT\ICCU\CNCA\018680</subfield>
    <subfield code="z">Egidio : Romano</subfield>
  </datafield>
  <datafield tag="790" ind1=" " ind2="0">
    <subfield code="a">Gilles</subfield>
    <subfield code="c"> : de#Rome</subfield>
    <subfield code="3">IT\ICCU\CNCA\018681</subfield>
    <subfield code="z">Egidio : Romano</subfield>
  </datafield>
  <datafield tag="790" ind1=" " ind2="1">
    <subfield code="a">Columnius,</subfield>
    <subfield code="b">Aegidius</subfield>
    <subfield code="3">IT\ICCU\CNCA\018682</subfield>
    <subfield code="z">Egidio : Romano</subfield>
  </datafield>
  <datafield tag="790" ind1=" " ind2="0">
    <subfield code="a">Aegidius</subfield>
    <subfield code="c"> : de#Columna</subfield>
    <subfield code="3">IT\ICCU\CNCA\018683</subfield>
    <subfield code="z">Egidio : Romano</subfield>
  </datafield>
  <datafield tag="790" ind1=" " ind2="0">
    <subfield code="a">Petrus</subfield>
    <subfield code="c"> : de#Alvernia</subfield>
    <subfield code="3">IT\ICCU\CNCA\014799</subfield>
    <subfield code="z">Pierre : d&apos;Auvergne</subfield>
  </datafield>
  <datafield tag="790" ind1=" " ind2="0">
    <subfield code="a">Petrus</subfield>
    <subfield code="c"> : Alvernatis</subfield>
    <subfield code="3">IT\ICCU\CNCA\014821</subfield>
    <subfield code="z">Pierre : d&apos;Auvergne</subfield>
  </datafield>
  <datafield tag="790" ind1=" " ind2="0">
    <subfield code="a">Aristotele</subfield>
    <subfield code="3">IT\ICCU\CNCA\018928</subfield>
    <subfield code="z">Aristoteles</subfield>
  </datafield>
  <datafield tag="791" ind1="0" ind2="0">
    <subfield code="a">Scoto, Ottaviano Amadei</subfield>
    <subfield code="3">IT\ICCU\CNCT\002829</subfield>
    <subfield code="z">Scoto, Ottaviano &lt;2.&gt;</subfield>
  </datafield>
  <datafield tag="791" ind1="0" ind2="0">
    <subfield code="a">Scotus, Octavianus Amadei</subfield>
    <subfield code="3">IT\ICCU\CNCT\005638</subfield>
    <subfield code="z">Scoto, Ottaviano &lt;2.&gt;</subfield>
  </datafield>
  <datafield tag="791" ind1="0" ind2="0">
    <subfield code="a">Scotti, Ottaviano</subfield>
    <subfield code="c"> &lt;2.&gt;</subfield>
    <subfield code="3">IT\ICCU\CNCT\005639</subfield>
    <subfield code="z">Scoto, Ottaviano &lt;2.&gt;</subfield>
  </datafield>
  <datafield tag="801" ind1=" " ind2="3">
    <subfield code="a">IT</subfield>
    <subfield code="b">ICCU</subfield>
    <subfield code="c">20201114</subfield>
  </datafield>
  <datafield tag="899" ind1=" " ind2=" ">
    <subfield code="a">Biblioteca statale. Cremona</subfield>
    <subfield code="1">CR0062</subfield>
    <subfield code="2">LO1 28</subfield>
  </datafield>
  <datafield tag="899" ind1=" " ind2=" ">
    <subfield code="a">Biblioteca Apostolica Vaticana. Citt ̉del Vaticano</subfield>
    <subfield code="1">EX0001</subfield>
    <subfield code="2">ZCV 01</subfield>
  </datafield>
  <datafield tag="899" ind1=" " ind2=" ">
    <subfield code="a">Biblioteca nazionale centrale. Firenze</subfield>
    <subfield code="1">FI0098</subfield>
    <subfield code="2">CFI CF</subfield>
  </datafield>
  <datafield tag="899" ind1=" " ind2=" ">
    <subfield code="a">Biblioteca nazionale Vittorio Emanuele III. Napoli</subfield>
    <subfield code="1">NA0079</subfield>
    <subfield code="2">NAP BN</subfield>
  </datafield>
  <datafield tag="899" ind1=" " ind2=" ">
    <subfield code="a">Biblioteca Ludovico Jacobilli del Seminario vescovile. Foligno</subfield>
    <subfield code="1">PG0040</subfield>
    <subfield code="2">UM1 39</subfield>
  </datafield>
  <datafield tag="899" ind1=" " ind2=" ">
    <subfield code="a">Biblioteca comunale Augusta. Perugia</subfield>
    <subfield code="1">PG0109</subfield>
    <subfield code="2">UM1 01</subfield>
  </datafield>
  <datafield tag="899" ind1=" " ind2=" ">
    <subfield code="a">Biblioteca Oliveriana. Pesaro</subfield>
    <subfield code="1">PU0061</subfield>
    <subfield code="2">URB OL</subfield>
  </datafield>
  <datafield tag="899" ind1=" " ind2=" ">
    <subfield code="a">Biblioteca nazionale centrale. Roma</subfield>
    <subfield code="1">RM0267</subfield>
    <subfield code="2">BVE CR</subfield>
  </datafield>
  <datafield tag="899" ind1=" " ind2=" ">
    <subfield code="a">Biblioteca Vallicelliana. Roma</subfield>
    <subfield code="1">RM0281</subfield>
    <subfield code="2">RML 08</subfield>
  </datafield>
  <datafield tag="899" ind1=" " ind2=" ">
    <subfield code="a">Biblioteca Angelica. Roma</subfield>
    <subfield code="1">RM0290</subfield>
    <subfield code="2">RML 06</subfield>
  </datafield>
  <datafield tag="899" ind1=" " ind2=" ">
    <subfield code="a">Biblioteca statale del Monumento nazionale. Cava dei Tirreni</subfield>
    <subfield code="1">SA0088</subfield>
    <subfield code="2">NAP 95</subfield>
  </datafield>
  <datafield tag="899" ind1=" " ind2=" ">
    <subfield code="a">Biblioteca del Monte dei Paschi di Siena. Siena</subfield>
    <subfield code="1">SI0057</subfield>
    <subfield code="2">ZSI 09</subfield>
  </datafield>
  <datafield tag="899" ind1=" " ind2=" ">
    <subfield code="a">Biblioteca nazionale universitaria. Torino</subfield>
    <subfield code="1">TO0265</subfield>
    <subfield code="2">TO0 02</subfield>
  </datafield>
  <datafield tag="911" ind1=" " ind2=" ">
    <subfield code="a">Sul front.</subfield>
    <subfield code="9">IT\ICCU\CNCM\000252</subfield>
  </datafield>
  <datafield tag="911" ind1=" " ind2=" ">
    <subfield code="a">Nel coloph.</subfield>
    <subfield code="9">IT\ICCU\CNCM\000435</subfield>
  </datafield>
  <datafield tag="921" ind1=" " ind2=" ">
    <subfield code="a">IT\ICCU\CNCM\000252</subfield>
    <subfield code="b">Donna sale su un albero di melograno per coglierne i frutti che getta ad un&apos;altra donna seduta ai piedi dell&apos;albero.</subfield>
    <subfield code="c">A102</subfield>
    <subfield code="c">V467</subfield>
    <subfield code="c">Z828</subfield>
    <subfield code="d">Dimensioni: 5 x 8,5</subfield>
    <subfield code="f">ALBERO</subfield>
    <subfield code="f">DONNA</subfield>
    <subfield code="f">FRUTTI</subfield>
    <subfield code="f">MELOGRANO</subfield>
    <subfield code="g">1539-1576</subfield>
  </datafield>
  <datafield tag="921" ind1=" " ind2=" ">
    <subfield code="a">IT\ICCU\CNCM\000435</subfield>
    <subfield code="b">Croce doppia su cuore con iniziali B.O.S.</subfield>
    <subfield code="c">K287</subfield>
    <subfield code="c">Z485</subfield>
    <subfield code="d">Dimensioni: 6,5 x 8</subfield>
    <subfield code="f">BOS</subfield>
    <subfield code="f">CROCE</subfield>
    <subfield code="g">1539-1552</subfield>
  </datafield>
</record>
</collection>
